<collection xmlns="http://www.loc.gov/MARC21/slim"><record><leader>00787nam  2200229   450</leader><controlfield tag="001">733</controlfield><controlfield tag="003">http://montalegre.opacnet.com/OPAC/default.aspx?ContentAreaControl=ShowRegHoldings.ascx&amp;RegNo=16662</controlfield><datafield tag="095" ind1=" " ind2=" "><subfield code="a">PTBN00015457</subfield></datafield><datafield tag="100" ind1=" " ind2=" "><subfield code="a">20070518d1986    m  y0pora0103    ba</subfield></datafield><datafield tag="101" ind1="1" ind2=" "><subfield code="a">por</subfield><subfield code="c">eng</subfield></datafield><datafield tag="102" ind1=" " ind2=" "><subfield code="a">PT</subfield></datafield><datafield tag="200" ind1="1" ind2=" "><subfield code="a">Não matem a cotovia</subfield><subfield code="f">Harper Lee</subfield><subfield code="g">trad. Raúl Correia</subfield></datafield><datafield tag="210" ind1=" " ind2=" "><subfield code="a">Mem Martins</subfield><subfield code="c">Europa-América</subfield><subfield code="d">D.L. 1986</subfield></datafield><datafield tag="215" ind1=" " ind2=" "><subfield code="a">272 p.</subfield><subfield code="d">18 cm</subfield></datafield><datafield tag="225" ind1="2" ind2=" "><subfield code="a">Livros de bolso Europa-América</subfield><subfield code="v">461</subfield></datafield><datafield tag="304" ind1=" " ind2=" "><subfield code="a">Tít. orig.: To Kill a mockingbird~</subfield></datafield><datafield tag="675" ind1=" " ind2=" "><subfield code="a">821</subfield><subfield code="v">BN</subfield><subfield code="z">por</subfield></datafield><datafield tag="700" ind1=" " ind2="1"><subfield code="a">Lee</subfield><subfield code="b">Harper</subfield><subfield code="f">1926</subfield></datafield><datafield tag="702" ind1=" " ind2="1"><subfield code="a">Correia</subfield><subfield code="b">Raúl</subfield><subfield code="f">1904-1985</subfield><subfield code="4">730</subfield></datafield><datafield tag="702" ind1=" " ind2="1"><subfield code="a">Jorge</subfield><subfield code="b">Maria Elisa Pessoa</subfield><subfield code="f">1925-</subfield><subfield code="4">550</subfield></datafield><datafield tag="801" ind1=" " ind2="0"><subfield code="a">PT</subfield><subfield code="b">Biblioteca Municipal de Montalegre</subfield><subfield code="g">RPC</subfield></datafield><datafield tag="856" ind1=" " ind2=" "><subfield code="u">locateMedia.asp?cod=20060619145900&amp;ext=jpg</subfield><subfield code="z">CAPA</subfield></datafield><datafield tag="909" ind1="&#9;" ind2=" "><subfield code="a">1</subfield></datafield><datafield tag="966" ind1=" " ind2=" "><subfield code="a">0005337</subfield><subfield code="l">BMM</subfield><subfield code="s">SCG 821 LEE não</subfield></datafield></record></collection>